<?xml version="1.0" encoding="UTF-8"?><record xmlns="http://www.loc.gov/MARC21/slim" xmlns:cinclude="http://apache.org/cocoon/include/1.0" xmlns:zs="http://www.loc.gov/zing/srw/">
  <leader>00317nz  a2200121n  4500</leader>
  <controlfield tag="001">nr 00039625 </controlfield>
  <controlfield tag="003">DLC</controlfield>
  <controlfield tag="005">20001220034034.0</controlfield>
  <controlfield tag="008">001219n| acannaabn          |n aaa     c</controlfield>
  <datafield tag="010" ind1=" " ind2=" ">
    <subfield code="a">nr 00039625 </subfield>
  </datafield>
  <datafield tag="040" ind1=" " ind2=" ">
    <subfield code="a">PU-L</subfield>
    <subfield code="b">eng</subfield>
    <subfield code="c">PU-L</subfield>
  </datafield>
  <datafield tag="100" ind1="1" ind2=" ">
    <subfield code="a">Orcutt, Holly Kay</subfield>
  </datafield>
  <datafield tag="670" ind1=" " ind2=" ">
    <subfield code="a">Detecting deception, 1995 July:</subfield>
    <subfield code="b">t.p. (Holly Kay Orcutt)</subfield>
  </datafield>
</record>